@book{garey2002computers,
  title={Computers and intractability},
  author={Garey, Michael R and Johnson, David S},
  volume={29},
  year={2002},
  publisher={wh freeman New York}
}

@article{dwyer2013edge,
  title={Edge compression techniques for visualization of dense directed graphs},
  author={Dwyer, Tim and Riche, Nathalie Henry and Marriott, Kim and Mears, Christopher},
  journal={IEEE transactions on visualization and computer graphics},
  volume={19},
  number={12},
  pages={2596--2605},
  year={2013},
  publisher={IEEE}
}

@article{mcconnell2005linear,
  title={Linear-time modular decomposition of directed graphs},
  author={McConnell, Ross M and De Montgolfier, Fabien},
  journal={Discrete Applied Mathematics},
  volume={145},
  number={2},
  pages={198--209},
  year={2005},
  publisher={Elsevier}
}

@inproceedings{papadopoulos2005drawing,
  title={Drawing graphs using modular decomposition},
  author={Papadopoulos, Charis and Voglis, Constantinos},
  booktitle={International Symposium on Graph Drawing},
  pages={343--354},
  year={2005},
  organization={Springer}
}

@inproceedings{brandes2007finding,
  title={On finding graph clusterings with maximum modularity},
  author={Brandes, Ulrik and Delling, Daniel and Gaertler, Marco and G{\"o}rke, Robert and Hoefer, Martin and Nikoloski, Zoran and Wagner, Dorothea},
  booktitle={Graph-Theoretic Concepts in Computer Science},
  pages={121--132},
  year={2007},
  organization={Springer}
}

