@article{goemans1995improved,
  title={Improved approximation algorithms for maximum cut and satisfiability problems using semidefinite programming},
  author={Goemans, Michel X and Williamson, David P},
  journal={Journal of the ACM (JACM)},
  volume={42},
  number={6},
  pages={1115--1145},
  year={1995},
  publisher={ACM}
}
