@inproceedings{alistarh2015elect,
  title={How to elect a leader faster than a tournament},
  author={Alistarh, Dan and Gelashvili, Rati and Vladu, Adrian},
  booktitle={Proceedings of the 2015 ACM Symposium on Principles of Distributed Computing},
  pages={365--374},
  year={2015},
  organization={ACM}
}

@Booklet{Gil:02,
  author       = {Joseph (Yossi) Gil},
  TITLE        = {{\LaTeXe} for Graduate Students},
  year         = {2002},
  howpublished = {manuscript},
  address      = {Haifa, Israel},
}