@inproceedings{nejedly2004group,
  title={Group Coloring and List Group Coloring Are $\Pi$2P-Complete},
  author={Nejedl{\`y}, Pavel and others},
  booktitle={International Symposium on Mathematical Foundations of Computer Science},
  pages={274--286},
  year={2004},
  organization={Springer}
}

@inproceedings{haviv2006hardness,
  title={Hardness of the covering radius problem on lattices},
  author={Haviv, Ishay and Regev, Oded},
  booktitle={Computational Complexity, 2006. CCC 2006. Twenty-First Annual IEEE Conference on},
  pages={14--pp},
  year={2006},
  organization={IEEE}
}
